@article{Zhang2020Burnout,
  author    = {Xiaohua Zhang},
  title     = {Analysis on Management of Job Burnout of Counselors in Chinese Colleges},
  journal   = {International Journal of Emerging Technologies in Learning (iJET)},
  volume    = {15},
  number    = {17},
  pages     = {223--234},
  year      = {2020},
  doi       = {https://doi.org/10.3991/ijet.v15i17.16739},
  publisher = {International Association of Online Engineering (IAOE)}
}

@book{Downey2023,
  author    = {E. Downey and H. S. Fokeladeh and H. Catton},
  title     = {What the COVID-19 pandemic has exposed: the findings of five global health workforce professions},
  publisher = {World Health Organization},
  year      = {2023},
  series    = {Human Resources for Health Observer Series},
  number    = {28},
  address   = {Geneva},
  note      = {Licence: CC BY-NC-SA 3.0 IGO}
}
